@misc{ Nobody06,
       author = "Nobody Jr",
       title = "My Article",
       year = "2006" }

@misc{cpsc,
  author = {CPSC},
  title = {{Dorel Asia Recalls To Replace Cribs; Pose Strangulation and Suffocation Hazards}},
  howpublished = "\url{http://www.cpsc.gov/en/Recalls/2010/Dorel-Asia-Recalls-To-Replace-Cribs-Pose-Strangulation-and-Suffocation-Hazards/}",
  year = {2010}, 
  note = "[Online; accessed 23-February-2014]"
}